@article{nauty,
  title={Practical Graph Isomorphism, II},
  author={McKay, Brendan D. and Piperno, Adolfo},
  journal={Journal of Symbolic Computation},
  volume={60},
  year={2014},
  pages={94--112},
  doi={10.1016/j.jsc.2013.09.003},
  url={https://doi.org/10.1016/j.jsc.2013.09.003}
}

@book{textbook,
  title={Frameworks, Tensegrities, and Symmetry},
  author={Connelly, Robert and Guest, Simon D.},
  year={2022},
  publisher={Cambridge University Press},
  address={Cambridge},
  doi={10.1017/9780511843297}
}

@article{sticky,
  title={Rigidity for sticky discs},
  author={Connelly, Robert and Gortler, Steven J. and Theran, Louis},
  journal={Proceedings of the Royal Society A: Mathematical, Physical and Engineering Sciences},
  volume={475},
  number={2222},
  month={Feb},
  year={2019}
}

@article{asimow,
  title={The rigidity of graphs, II},
  author={Asimow, Leonard and Roth, Ben},
  journal={Journal of Mathematical Analysis and Applications},
  volume={68},
  number={1},
  pages={171--190},
  year={1979},
  publisher={Elsevier}
}

@book{henneberg,
  title={Die graphische Statik der starren Systeme},
  author={Henneberg, Lebrecht},
  volume={31},
  year={1911},
  publisher={BG Teubner}
}

@book{counting_frameworks,
  title={Counting on frameworks: mathematics to aid the design of rigid structures},
  author={Graver, Jack E},
  number={25},
  year={2001},
  publisher={Cambridge University Press}
}

@article{circle_packing,
  title={Circle packing: a mathematical tale},
  author={Stephenson, Kenneth},
  journal={Notices of the AMS},
  volume={50},
  number={11},
  pages={1376--1388},
  year={2003}
}

@article{maxwell_rigid,
author = {J. Clerk Maxwell},
title = {XLV. On reciprocal figures and diagrams of forces },
journal = {The London, Edinburgh, and Dublin Philosophical Magazine and Journal of Science},
volume = {27},
number = {182},
pages = {250-261},
year = {1864},
publisher = {Taylor & Francis},
doi = {10.1080/14786446408643663},
URL = {https://doi.org/10.1080/14786446408643663},
eprint = {https://doi.org/10.1080/14786446408643663}
}

@book{unit_circle,
  title={From Eudoxus to Einstein: a history of mathematical astronomy},
  author={Linton, Christopher M},
  year={2004},
  publisher={Cambridge University Press}
}

@online{crystalline,
  author = "Pavan M. V. Raja and Andrew R. Barron",
  title = "{7.1 Crystal Structure}",
  organization = "LibreTexts",
  url = "https://chem.libretexts.org/Bookshelves/Analytical_Chemistry/Physical_Methods_in_Chemistry_and_Nano_Science_(Barron)/07%3A_Molecular_and_Solid_State_Structure/7.01%3A_Crystal_Structure",
  note = "[Accessed on: 21 February 2024]"
}

@article{kepler,
  title={A proof of the Kepler conjecture},
  author={Hales, Thomas C},
  journal={Annals of mathematics},
  pages={1065--1185},
  year={2005},
  publisher={JSTOR}
}

@inproceedings{Kepler_proof,
  title={A formal proof of the Kepler conjecture},
  author={Hales, Thomas and Adams, Mark and Bauer, Gertrud and Dang, Tat Dat and Harrison, John and Le Truong, Hoang and Kaliszyk, Cezary and Magron, Victor and McLaughlin, Sean and Nguyen, Tat Thang and others},
  booktitle={Forum of mathematics, Pi},
  volume={5},
  pages={e2},
  year={2017},
  organization={Cambridge University Press}
}

@book{circle_textbook,
  title={Planar Maps, Random Walks and Circle Packing: {\'E}cole D'{\'E}t{\'e} de Probabilit{\'e}s de Saint-Flour XLVIII-2018},
  author={Nachmias, Asaf},
  year={2020},
  publisher={Springer Nature}
}

@book{laman_graph,
author = {Khanna, Sanjeev},editor = {Sanjeev Khanna},
title = {Proceedings of the 2013 Annual ACM-SIAM Symposium on Discrete Algorithms (SODA)},
publisher = {Society for Industrial and Applied Mathematics},
year = {2013},
doi = {10.1137/1.9781611973105},
address = {Philadelphia, PA},
edition   = {},
URL = {https://epubs.siam.org/doi/abs/10.1137/1.9781611973105},
eprint = {https://epubs.siam.org/doi/pdf/10.1137/1.9781611973105}
}

@article{minimally_rigid,
  title={On graphs and rigidity of plane skeletal structures},
  author={Laman, Gerard},
  journal={Journal of Engineering mathematics},
  volume={4},
  number={4},
  pages={331--340},
  year={1970},
  publisher={Kluwer Academic Publishers Dordrecht}
}

@article{laman_theorem,
  title={{\"U}ber die gliederung ebener fachwerke},
  author={Pollaczek-Geiringer, Hilda},
  journal={ZAMM-Journal of Applied Mathematics and Mechanics/Zeitschrift f{\"u}r Angewandte Mathematik und Mechanik},
  volume={7},
  number={1},
  pages={58--72},
  year={1927},
  publisher={Wiley Online Library}
}

@book{circle_packing_theorem,
  title={Kontaktprobleme der konformen Abbildung},
  author={Koebe, Paul},
  year={1936},
  publisher={Hirzel Stuttgart}
}

@Article{         numpy,
 title         = {Array programming with {NumPy}},
 author        = {Charles R. Harris and K. Jarrod Millman and St{\'{e}}fan J.
                 van der Walt and Ralf Gommers and Pauli Virtanen and David
                 Cournapeau and Eric Wieser and Julian Taylor and Sebastian
                 Berg and Nathaniel J. Smith and Robert Kern and Matti Picus
                 and Stephan Hoyer and Marten H. van Kerkwijk and Matthew
                 Brett and Allan Haldane and Jaime Fern{\'{a}}ndez del
                 R{\'{i}}o and Mark Wiebe and Pearu Peterson and Pierre
                 G{\'{e}}rard-Marchant and Kevin Sheppard and Tyler Reddy and
                 Warren Weckesser and Hameer Abbasi and Christoph Gohlke and
                 Travis E. Oliphant},
 year          = {2020},
 month         = sep,
 journal       = {Nature},
 volume        = {585},
 number        = {7825},
 pages         = {357--362},
 doi           = {10.1038/s41586-020-2649-2},
 publisher     = {Springer Science and Business Media {LLC}},
 url           = {https://doi.org/10.1038/s41586-020-2649-2}
}

@techreport{networkx,
  title={Exploring network structure, dynamics, and function using NetworkX},
  author={Hagberg, Aric and Swart, Pieter and S Chult, Daniel},
  year={2008},
  institution={Los Alamos National Lab.(LANL), Los Alamos, NM (United States)}
}

@ARTICLE{scipy,
  author  = {Virtanen, Pauli and Gommers, Ralf and Oliphant, Travis E. and
            Haberland, Matt and Reddy, Tyler and Cournapeau, David and
            Burovski, Evgeni and Peterson, Pearu and Weckesser, Warren and
            Bright, Jonathan and {van der Walt}, St{\'e}fan J. and
            Brett, Matthew and Wilson, Joshua and Millman, K. Jarrod and
            Mayorov, Nikolay and Nelson, Andrew R. J. and Jones, Eric and
            Kern, Robert and Larson, Eric and Carey, C J and
            Polat, {\.I}lhan and Feng, Yu and Moore, Eric W. and
            {VanderPlas}, Jake and Laxalde, Denis and Perktold, Josef and
            Cimrman, Robert and Henriksen, Ian and Quintero, E. A. and
            Harris, Charles R. and Archibald, Anne M. and
            Ribeiro, Ant{\^o}nio H. and Pedregosa, Fabian and
            {van Mulbregt}, Paul and {SciPy 1.0 Contributors}},
  title   = {{{SciPy} 1.0: Fundamental Algorithms for Scientific
            Computing in Python}},
  journal = {Nature Methods},
  year    = {2020},
  volume  = {17},
  pages   = {261--272},
  adsurl  = {https://rdcu.be/b08Wh},
  doi     = {10.1038/s41592-019-0686-2},
}